@Article{Arita2002,
author="Arita, Masanori
and Kobayashi, Satoshi",
title="DNA sequence design using templates",
journal="New Generation Computing",
year="2002",
volume="20",
number="3",
pages="263--277",
issn="1882-7055"
}

@Inbook{Bobba2006,
author="Bobba, Kiran C.
and Neel, Andrew J.
and Phan, Vinhthuy
and Garzon, Max",
editor="Mao, Chengde
and Yokomori, Takashi",
title="``Reasoning'' and ``Talking'' DNA: Can DNA Understand English?",
bookTitle="DNA Computing: 12th International Meeting on DNA Computing, DNA12, Seoul, Korea, June 5-9, 2006, Revised Selected Papers",
year="2006",
publisher="Springer Berlin Heidelberg",
address="Berlin, Heidelberg",
pages="337--349",
isbn="978-3-540-68423-7",
}

@inproceedings{Chen2004,
 author = {Chen, Junghuei and Deaton, Russell and Garzon, Max and Kim, Jin Woo and Wood, David and Bi, Hong and Carpenter, Dylan and Wang, Yu-Zhen},
 title = {Characterization of Non-crosshybridizing DNA Oligonucleotides Manufactured In Vitro},
 booktitle = {Proceedings of the 10th International Conference on DNA Computing},
 series = {DNA'04},
 year = {2005},
 isbn = {3-540-26174-5, 978-3-540-26174-2},
 location = {Milan, Italy},
 pages = {50--61},
 numpages = {12},
 acmid = {2149867},
 publisher = {Springer-Verlag},
 address = {Berlin, Heidelberg},
}

@Inbook{Garzon2012,
author="Garzon, Max",
editor="Dediu, Adrian-Horia
and Mart{\'i}n-Vide, Carlos
and Truthe, Bianca",
title="Theory and Applications of DNA Codeword Design",
bookTitle="Theory and Practice of Natural Computing: First International Conference, TPNC 2012, Tarragona, Spain, October 2-4, 2012. Proceedings",
year="2012",
publisher="Springer Berlin Heidelberg",
address="Berlin, Heidelberg",
pages="11--26",
isbn="978-3-642-33860-1"
}

@article{Garzon2004,
 author = {Garzon, Max and Blain, Derrel R. and Neel, Andrew J.},
 title = {Virtual Test Tubes},
 issue_date = {December  2004},
 volume = {3},
 number = {4},
 month = dec,
 year = {2004},
 issn = {1567-7818},
 pages = {461--477},
 numpages = {17},
 acmid = {1046378},
 publisher = {Kluwer Academic Publishers},
 address = {Hingham, MA, USA},
 keywords = {biomolecular computing, distributed computing, molecular kinetics, simulations of Brownian motion, virtual test tubes},
}

@Inbook{GarzonBobba2012,
author="Garzon, Max and Bobba, Kiran",
editor="Stefanovic, Darko
and Turberfield, Andrew",
title="A Geometric Approach to Gibbs Energy Landscapes and Optimal DNA Codeword Design",
bookTitle="DNA Computing and Molecular Programming: 18th International Conference, DNA 18, Aarhus, Denmark, August 14-17, 2012. Proceedings",
year="2012",
publisher="Springer Berlin Heidelberg",
address="Berlin, Heidelberg",
pages="73--85",
isbn="978-3-642-32208-2"
}

@Inbook{GarzonBobbaHyde2004,
author="Garzon, Max
and Bobba, Kiranchand
and Hyde, Bryan",
editor="Jonoska, Nata{\v{s}}a
and P{\u{a}}un, Gheorghe
and Rozenberg, Grzegorz",
title="Digital Information Encoding on DNA",
bookTitle="Aspects of Molecular Computing: Essays Dedicated to Tom Head, on the Occasion of His 70th Birthday",
year="2004",
publisher="Springer Berlin Heidelberg",
address="Berlin, Heidelberg",
pages="152--166",
isbn="978-3-540-24635-0"
}

@article{Garzon2009,
author = {Garzon, M and Phan, V and Neel, A},
isbn = {1941-6318},
journal = {Journal of Nanotechnology and Molecular Computation},
keywords = {DNA,EdnaCo,PCR Selection protocol,code word design,in vitro,simulation},
number = {1},
pages = {1--17},
title = {{Optimal DNA Codes for Computing and Self-Assembly}},
volume = {1},
year = {2009}
}

@Inbook{GarzonWong2009,
author="Garzon, Max
and Wong, Tit-Yee
and Phan, Vinhthuy",
editor="Deaton, Russell
and Suyama, Akira",
title="DNA Chips for Species Identification and Biological Phylogenies",
bookTitle="DNA Computing and Molecular Programming: 15th International Conference, DNA 15, Fayetteville, AR, USA, June 8-11, 2009, Revised Selected Papers",
year="2009",
publisher="Springer Berlin Heidelberg",
address="Berlin, Heidelberg",
pages="55--66",
isbn="978-3-642-10604-0"
}

@article{GarzonetAl1997,
author = {Garzon, Max and Neathery, P and Deaton, R and Murphy, Randy C and Franceschetti, Donald R and {Stevens Jr}, S E},
file = {:home/japrietov/.local/share/data/Mendeley Ltd./Mendeley Desktop/Downloaded/Garzon et al. - 1997 - A new metric for DNA computing.pdf:pdf},
journal = {Proceedings of the 2nd Genetic Programming Conference},
mendeley-groups = {DataScience{\_}Bioinformatics},
pages = {278--472},
title = {{A new metric for DNA computing}},
year = {1997}
}

@Inbook{Garzon2006,
author="Garzon, Max
and Phan, Vinhthuy
and Bobba, Kiran C.
and Kontham, Raghuver",
editor="Carbone, Alessandra
and Pierce, Niles A.",
title="Sensitivity and Capacity of Microarray Encodings",
bookTitle="DNA Computing: 11th International Workshop on DNA Computing, DNA11, London, ON, Canada, June 6-9, 2005. Revised Selected Papers.",
year="2006",
publisher="Springer Berlin Heidelberg",
address="Berlin, Heidelberg",
pages="81--95",
isbn="978-3-540-34165-9"
}

@Inbook{Gomez2004,
author="Gomez, Jonatan",
editor="Deb, Kalyanmoy",
title="Self Adaptation of Operator Rates in Evolutionary Algorithms",
bookTitle="Genetic and Evolutionary Computation -- GECCO 2004: Genetic and Evolutionary Computation Conference, Seattle, WA, USA, June 26-30, 2004. Proceedings, Part I",
year="2004",
publisher="Springer Berlin Heidelberg",
address="Berlin, Heidelberg",
pages="1162--1173",
isbn="978-3-540-24854-5"
}

@inproceedings{leon2006ecsago,
  title={ECSAGO: evolutionary clustering with self adaptive genetic operators},
  author={Leon, Elizabeth and Nasraoui, Olfa and Gomez, Jonatan},
  booktitle={Evolutionary Computation, 2006. CEC 2006. IEEE Congress on},
  pages={1768--1775},
  year={2006},
  organization={IEEE}
}

@inproceedings{garzon2003efficiency,
  title={Efficiency and reliability of semantic retrieval in DNA-based memories},
  author={Garzon, Max and Bobba, Kiran and Neel, Andrew},
  booktitle={International Workshop on DNA-Based Computers},
  pages={157--169},
  year={2003},
  organization={Springer}
}

@article {NeelGarzon2006,
author = {Neel, Andrew and Garzon, Max},
title = {Semantic Retrieval in DNA-Based Memories with Gibbs Energy Models},
journal = {Biotechnology Progress},
volume = {22},
number = {1},
publisher = {American Chemical Society},
issn = {1520-6033},
pages = {86-90},
year = {2006},
}

@Article{Phan2008,
author="Phan, Vinhthuy
and Garzon, Max",
title="On codeword design in metric DNA spaces",
journal="Natural Computing",
year="2008",
month="Jun",
day="25",
volume="8",
number="3",
pages="571",
issn="1572-9796"
}

@unpublished{Puerta2016,
            note = {Magister In Computer And Systems Engineering. L{\'i}nea de Investigaci{\'o}n:  Evolutionary Algorithms},
           month = {Marzo},
          school = {Universidad Nacional de Colombia-Sede Bogot{\'a}},
           title = {An evolutionary approach for the optimization of production-distribution network design},
            year = {2016},
          author = {David Leonardo Puerta Jaramillo},
        keywords = {ARRAY(0x5609225c2510)},
        abstract = {ARRAY(0x560923842108)},
}


@article{quian2011,
  title={Scaling up digital circuit computation with DNA strand displacement cascades},
  author={Qian, Lulu and Winfree, Erik},
  journal={Science},
  volume={332},
  number={6034},
  pages={1196--1201},
  year={2011},
  publisher={American Association for the Advancement of Science}
}

@article{tulpan2005,
author = {Tulpan, Dan and Andronescu, Mirela and Chang, Seo Bong and Shortreed, Michael R. and Condon, Anne and Hoos, Holger H. and Smith, Lloyd M.},
title = {Thermodynamically based DNA strand design},
journal = {Nucleic Acids Research},
volume = {33},
number = {15},
pages = {4951-4964},
year = {2005}
}

@article{watson1953molecular,
  title={Molecular structure of nucleic acids},
  author={Watson, James D and Crick, Francis HC and others},
  journal={Nature},
  volume={171},
  number={4356},
  pages={737--738},
  year={1953}
}

@article{seeman2003dna,
  title={DNA in a material world},
  author={Seeman, Nadrian C},
  journal={Nature},
  volume={421},
  number={6921},
  pages={427--431},
  year={2003},
  publisher={Nature Publishing Group}
}

@article{rennella2017rna,
  title={RNA binding and chaperone activity of the E. coli cold-shock protein CspA},
  author={Rennella, Enrico and S{\'a}ra, Tom{\'a}{\v{s}} and Juen, Michael and Wunderlich, Christoph and Imbert, Lionel and Solyom, Zsofia and Favier, Adrien and Ayala, Isabel and Weinh{\"a}upl, Katharina and Schanda, Paul and others},
  journal={Nucleic acids research},
  volume={45},
  number={7},
  pages={4255--4268},
  year={2017},
  publisher={Oxford University Press}
}

@article{miller1995wordnet,
  title={WordNet: a lexical database for English},
  author={Miller, George A},
  journal={Communications of the ACM},
  volume={38},
  number={11},
  pages={39--41},
  year={1995},
  publisher={ACM}
}
